<record><leader>00000cas a2200000 a 4500</leader><controlfield tag="001">24769058</controlfield><controlfield tag="008">911112d19481987iluwr ne      0    0eng c</controlfield><datafield ind1=" " ind2=" " tag="010"><subfield code="a">sn 91054176 </subfield></datafield><datafield ind1=" " ind2=" " tag="040"><subfield code="a">NVF</subfield><subfield code="b">eng</subfield><subfield code="c">NVF</subfield><subfield code="d">OCLCQ</subfield><subfield code="d">NVF</subfield><subfield code="d">OCLCG</subfield><subfield code="d">NVF</subfield><subfield code="d">OCLCQ</subfield><subfield code="d">OCLCO</subfield><subfield code="d">OCLCF</subfield></datafield><datafield ind1="1" ind2=" " tag="029"><subfield code="a">AU@</subfield><subfield code="b">000025870035</subfield></datafield><datafield ind1=" " ind2=" " tag="042"><subfield code="a">pcc</subfield></datafield><datafield ind1=" " ind2=" " tag="043"><subfield code="a">n-us-il</subfield></datafield><datafield ind1="0" ind2=" " tag="130"><subfield code="a">Troy tribune (Troy, Ill.)</subfield></datafield><datafield ind1="1" ind2="4" tag="245"><subfield code="a">The Troy tribune.</subfield></datafield><datafield ind1=" " ind2=" " tag="260"><subfield code="a">Troy, Ill. :</subfield><subfield code="b">Paul Simon,</subfield><subfield code="c">1948-1987.</subfield></datafield><datafield ind1=" " ind2=" " tag="300"><subfield code="a">v.</subfield></datafield><datafield ind1=" " ind2=" " tag="310"><subfield code="a">Weekly</subfield></datafield><datafield ind1="0" ind2=" " tag="362"><subfield code="a">Vol. 1, no. 1 (June 24, 1948)-v. 33, no. 23 (June 4, 1987).</subfield></datafield><datafield ind1=" " ind2=" " tag="580"><subfield code="a">Merged with: Troy times (Troy, Ill.), to form: Times-tribune (Troy, Ill.).</subfield></datafield><datafield ind1=" " ind2="0" tag="651"><subfield code="a">Troy (Ill.)</subfield><subfield code="v">Newspapers.</subfield></datafield><datafield ind1=" " ind2="7" tag="655"><subfield code="a">Newspapers.</subfield><subfield code="2">fast</subfield><subfield code="0">(OCoLC)fst01423814</subfield></datafield><datafield ind1=" " ind2="7" tag="651"><subfield code="a">Illinois</subfield><subfield code="z">Troy.</subfield><subfield code="2">fast</subfield><subfield code="0">(OCoLC)fst01226871</subfield></datafield><datafield ind1="1" ind2=" " tag="700"><subfield code="a">Simon, Paul,</subfield><subfield code="d">1928-2003.</subfield></datafield><datafield ind1=" " ind2=" " tag="752"><subfield code="a">United States</subfield><subfield code="b">Illinois</subfield><subfield code="c">Madison</subfield><subfield code="d">Troy.</subfield></datafield><datafield ind1="1" ind2="7" tag="785"><subfield code="t">Troy times (Troy, Ill.)</subfield><subfield code="w">(DLC)sn2007061030</subfield><subfield code="w">(OCoLC)173315395</subfield></datafield><datafield ind1="1" ind2="7" tag="785"><subfield code="t">Times-tribune (Troy, Ill.)</subfield><subfield code="w">(DLC)sn 91054177</subfield><subfield code="w">(OCoLC)24769109</subfield></datafield></record>